<?xml version="1.0" encoding="UTF-8"?><collection xmlns="http://www.loc.gov/MARC21/slim"><record><leader>00350nam--2200121-i-4500</leader><controlfield tag="001">000041783</controlfield><controlfield tag="002">20161230</controlfield><controlfield tag="005">20161230201043</controlfield><controlfield tag="008">060222s1000------------r-----000-0-eng-d</controlfield><datafield ind1=" " ind2=" " tag="100"><subfield code="a">Sixma,F.L.J. And Wynberg Hans</subfield></datafield><datafield ind1=" " ind2=" " tag="245"><subfield code="a">A manual of physical methods in organic chemisty</subfield></datafield><datafield ind1=" " ind2=" " tag="260"><subfield code="a">New York, John Wiley &amp; Sons, Inc.,1964. Xii + 342 P</subfield></datafield><datafield ind1=" " ind2=" " tag="852"><subfield code="a">22072</subfield></datafield></record></collection>